<?xml version="1.0" encoding="UTF-8"?><collection xmlns="http://www.loc.gov/MARC21/slim"><record><leader>00598nam--2200181-u-4500</leader><controlfield tag="001">000054843</controlfield><controlfield tag="002">20161230</controlfield><controlfield tag="005">20161230201051</controlfield><controlfield tag="008">120619s1000------------r-----000-0-fre-d</controlfield><datafield ind1=" " ind2=" " tag="040"><subfield code="a">IFIN-HH</subfield></datafield><datafield ind1=" " ind2=" " tag="041"><subfield code="a">fre</subfield></datafield><datafield ind1=" " ind2=" " tag="080"><subfield code="a">539.171.5(047.3)</subfield></datafield><datafield ind1="1" ind2=" " tag="100"><subfield code="a">Albanese, Jean-paul</subfield></datafield><datafield ind1="1" ind2="0" tag="245"><subfield code="a">Mesures effectuees sur un spectrometre de haute resolution destne a l'etude de la diffusion pions-noyaux dans le domaine de la resonance pion-nucleon (3/2, 3/2)</subfield><subfield code="b">These</subfield><subfield code="c">Jean-paul albanese</subfield></datafield><datafield ind1=" " ind2=" " tag="260"><subfield code="a">Grenoble</subfield><subfield code="b">Universite</subfield><subfield code="c">1976</subfield></datafield><datafield ind1=" " ind2=" " tag="300"><subfield code="a">107P</subfield></datafield><datafield ind1=" " ind2=" " tag="852"><subfield code="a">49772</subfield><subfield code="c">539.17</subfield></datafield><datafield ind1=" " ind2=" " tag="CAT"><subfield code="a">Sys</subfield><subfield code="c">20120619</subfield><subfield code="h">164424</subfield></datafield></record></collection>